% Encoding: UTF-8

% .NET
@online{dotnet,
  author = {{Microsoft}},
  url    = {\url{https://dotnet.microsoft.com/}},
  title  = {.NET Platform},
  year   = {2023}
}

% F#
@online{fsharp,
  author = {{Microsoft}},
  url    = {\url{https://dotnet.microsoft.com/languages/fsharp}},
  title  = {F\# Programming Language},
  year   = {2023}
}

% Github
@online{github,
  author = {{GitHub Inc.}},
  url    = {\url{https://github.com/}},
  title  = {Let's build from here},
  year   = {2023}
}

% Visual Studio Code
@online{vscode,
  title  = {{Visual Studio Code}},
  author = {{Microsoft}},
  url    = {\url{https://github.com/microsoft/vscode}},
  year   = {2023}
}

% Nuget
@online{nuget,
  title  = {{Nuget}},
  author = {{Nuget org}},
  url    = {\url{https://www.nuget.org}},
  year   = {2023}
}

% Ionide F#
@online{ionide,
  title  = {{Ionide F#}},
  author = {{Ionide}},
  url    = {\url{https://ionide.io/}},
  year   = {2023}
}

% XML
@online{xml,
  title  = {{XML}},
  author = {{W3C}},
  url    = {\url{https://it.wikipedia.org/wiki/XML}},
  year   = {2023}
}

% Markdown
@online{markdown,
  title  = {{Markdown}},
  author = {{John Gruber}},
  url    = {\url{https://daringfireball.net/projects/markdown/}},
  year   = {2023}
}